<record><leader>00000cas a22000007a 4500</leader><controlfield tag="001">17989613</controlfield><controlfield tag="008">880523d18521853ohuwr ne      0    0eng d</controlfield><datafield ind1=" " ind2=" " tag="010"><subfield code="a">sn 88078590 </subfield></datafield><datafield ind1=" " ind2=" " tag="040"><subfield code="a">ONP</subfield><subfield code="b">eng</subfield><subfield code="c">ONP</subfield><subfield code="d">NVF</subfield><subfield code="d">OCLCQ</subfield><subfield code="d">DLC</subfield><subfield code="d">OCLCF</subfield></datafield><datafield ind1=" " ind2=" " tag="042"><subfield code="a">msc</subfield></datafield><datafield ind1=" " ind2=" " tag="043"><subfield code="a">n-us-oh</subfield></datafield><datafield ind1="0" ind2="0" tag="245"><subfield code="a">Ashtabula telegraph and Lake Co. free press.</subfield></datafield><datafield ind1="3" ind2="0" tag="246"><subfield code="a">Ashtabula telegraph and Lake County free press</subfield></datafield><datafield ind1="3" ind2="0" tag="246"><subfield code="a">Ashtabula weekly telegraph and Lake Co. free press</subfield></datafield><datafield ind1="3" ind2="0" tag="246"><subfield code="a">Ashtabula weekly telegraph and Lake County free press</subfield></datafield><datafield ind1=" " ind2=" " tag="260"><subfield code="a">Ashtabula ;</subfield><subfield code="a">Painesville, Lake County [Ohio] :</subfield><subfield code="b">N.W. Thayer, A.M. Wright,</subfield><subfield code="c">1852-1853.</subfield></datafield><datafield ind1=" " ind2=" " tag="310"><subfield code="a">Weekly</subfield></datafield><datafield ind1="0" ind2=" " tag="362"><subfield code="a">Vol. 4, no. 5 (Nov. 23, 1852)-v. 4, no. 11 (Jan. 4, 1853).</subfield></datafield><datafield ind1=" " ind2="0" tag="651"><subfield code="a">Ashtabula (Ohio)</subfield><subfield code="v">Newspapers.</subfield></datafield><datafield ind1=" " ind2="7" tag="655"><subfield code="a">Newspapers.</subfield><subfield code="2">fast</subfield><subfield code="0">(OCoLC)fst01423814</subfield></datafield><datafield ind1=" " ind2="7" tag="651"><subfield code="a">Ohio</subfield><subfield code="z">Ashtabula.</subfield><subfield code="2">fast</subfield><subfield code="0">(OCoLC)fst01222895</subfield></datafield><datafield ind1=" " ind2=" " tag="752"><subfield code="a">United States</subfield><subfield code="b">Ohio</subfield><subfield code="c">Ashtabula</subfield><subfield code="d">Ashtabula.</subfield></datafield><datafield ind1=" " ind2=" " tag="752"><subfield code="a">United States</subfield><subfield code="b">Ohio</subfield><subfield code="c">Lake</subfield><subfield code="d">Painesville.</subfield></datafield><datafield ind1="0" ind2="4" tag="780"><subfield code="t">Ashtabula telegraph and Lake Co. advertiser</subfield><subfield code="w">(DLC)sn 83035214</subfield></datafield><datafield ind1="0" ind2="4" tag="780"><subfield code="t">Painesville free press</subfield><subfield code="w">(DLC)sn 84028227</subfield></datafield><datafield ind1="0" ind2="0" tag="785"><subfield code="t">Ashtabula weekly telegraph (Ashtabula, Ohio : 1853)</subfield><subfield code="x">2327-140X</subfield><subfield code="w">(DLC)sn 83035216</subfield><subfield code="w">(OCoLC)9603387</subfield></datafield></record>